<record><leader>00000cas a22000007a 4500</leader><controlfield tag="001">1565502</controlfield><controlfield tag="008">750824d19111951mnuwr ne      0    0eng d</controlfield><datafield ind1=" " ind2=" " tag="010"><subfield code="a">sn 83016511 </subfield></datafield><datafield ind1=" " ind2=" " tag="040"><subfield code="a">MUL</subfield><subfield code="b">eng</subfield><subfield code="c">MUL</subfield><subfield code="d">DLC</subfield><subfield code="d">MN#</subfield><subfield code="d">OCLCQ</subfield><subfield code="d">OCLCF</subfield><subfield code="d">OCLCO</subfield></datafield><datafield ind1="1" ind2=" " tag="029"><subfield code="a">AU@</subfield><subfield code="b">000025837663</subfield></datafield><datafield ind1=" " ind2=" " tag="042"><subfield code="a">msc</subfield></datafield><datafield ind1=" " ind2=" " tag="043"><subfield code="a">n-us-mn</subfield></datafield><datafield ind1="0" ind2="0" tag="050"><subfield code="a">Newspaper 7002</subfield></datafield><datafield ind1=" " ind2=" " tag="052"><subfield code="a">4144</subfield><subfield code="b">C83</subfield></datafield><datafield ind1=" " ind2=" " tag="052"><subfield code="a">4143</subfield><subfield code="b">C8</subfield></datafield><datafield ind1="0" ind2="4" tag="245"><subfield code="a">The Crosby courier.</subfield></datafield><datafield ind1=" " ind2=" " tag="260"><subfield code="a">Crosby, Crow Wing County, Minn. :</subfield><subfield code="b">H.C. Bailey,</subfield><subfield code="c">1911-1951.</subfield></datafield><datafield ind1=" " ind2=" " tag="300"><subfield code="a">39 v.</subfield></datafield><datafield ind1=" " ind2=" " tag="310"><subfield code="a">Weekly</subfield></datafield><datafield ind1="0" ind2=" " tag="362"><subfield code="a">Vol. 1, no. 1 (Mar. 9, 1911)-v. 39, no. 27 (Aug. 30, 1951).</subfield></datafield><datafield ind1=" " ind2=" " tag="530"><subfield code="a">Available on microfilm from the Minnesota Historical Society.</subfield></datafield><datafield ind1=" " ind2="0" tag="651"><subfield code="a">Crosby (Minn.)</subfield><subfield code="v">Newspapers.</subfield></datafield><datafield ind1=" " ind2="7" tag="655"><subfield code="a">Newspapers.</subfield><subfield code="2">fast</subfield><subfield code="0">(OCoLC)fst01423814</subfield></datafield><datafield ind1=" " ind2="7" tag="651"><subfield code="a">Minnesota</subfield><subfield code="z">Crosby.</subfield><subfield code="2">fast</subfield><subfield code="0">(OCoLC)fst01237810</subfield></datafield><datafield ind1=" " ind2=" " tag="752"><subfield code="a">United States</subfield><subfield code="b">Minnesota</subfield><subfield code="c">Crow Wing</subfield><subfield code="d">Crosby.</subfield></datafield><datafield ind1="0" ind2="5" tag="780"><subfield code="t">Crosby crucible</subfield><subfield code="w">(DLC)sn 91059147</subfield></datafield><datafield ind1="0" ind2="5" tag="780"><subfield code="t">Deerwood enterprise</subfield><subfield code="w">(DLC)sn 91059150</subfield></datafield><datafield ind1="0" ind2="7" tag="785"><subfield code="t">Crosby-Ironton courier</subfield><subfield code="w">(DLC)sn 91059145</subfield></datafield><datafield ind1="0" ind2="7" tag="785"><subfield code="t">Ironton ranger</subfield><subfield code="w">(DLC)sn 91059258</subfield></datafield></record>